2746 4080
648 390 668 450 9

245 597 361 657 Scilicet
373 597 441 656 inde
454 598 560 657 iterum
573 599 671 675 plures
684 599 837 674 remigrare
852 600 975 659 solutos:

245 727 316 792 Quas
330 734 426 786 tamen
439 727 504 787 elba
517 728 614 788 cluent
627 729 724 788 nullos
737 730 882 788 effimdere
896 731 1031 808 quibunt,

245 855 481 933 Quandoquidem
493 857 589 916 nullos
602 877 730 934 unquam
742 859 839 918 bibere
851 857 1050 918 instituerunt.

282 1097 364 1155 Illud
376 1096 408 1154 in
420 1097 467 1155 his
480 1116 593 1174 quoque
606 1100 637 1155 te
653 1098 738 1155 rebus
752 1116 917 1172 cognoscere
925 1116 983 1173 ¹par
996 1102 1041 1157 est

244 1225 327 1290 Quod
340 1226 457 1302 quidam
469 1226 585 1300 fingunt
596 1225 684 1296 fieri,b
698 1225 891 1303 simulantque
905 1226 1026 1284 calorem

242 1353 361 1411 Efficere
374 1353 428 1412 hoo
440 1353 516 1428 potis
529 1372 589 1411 esse
602 1356 710 1410 remoto
723 1351 832 1410 lumine
846 1352 922 1410 solis.

243 1481 321 1548 Quin
334 1482 421 1542 etiam
434 1483 551 1559 quidam
563 1482 675 1541 faciunt
687 1485 722 1540 ut
735 1482 828 1540 dicere
841 1489 963 1557 pergant

243 1610 294 1668 Nil
307 1621 379 1686 opus
392 1629 451 1667 esse
462 1611 549 1686 jubar
562 1610 629 1668 solie
642 1630 735 1687 neque
748 1610 874 1668 flammai
886 1610 963 1682 vim;

243 1739 345 1797 Omnis
359 1737 597 1815 quandoquidem,
614 1755 793 1813 quaeeunque
807 1737 929 1812 imposta
941 1737 1032 1812 polito

243 1871 405 1942 Argentove
419 1867 470 1924 diu
482 1866 606 1924 rutilove
619 1866 769 1942 reliqueris
783 1886 851 1924 auro

241 1994 348 2053 AEreve
362 1994 409 2051 vel
422 1993 506 2065 vitro,
523 1993 632 2051 soleant
644 1993 758 2051 imitata
771 1993 878 2051 referri.

243 2121 326 2186 Quod
339 2121 364 2179 si
377 2122 450 2178 forte
466 2121 542 2178 voles
554 2121 657 2178 horum
670 2121 702 2178 in
714 2125 858 2196 praecepta
871 2121 961 2179 relabi

242 2246 340 2323 Usque
354 2246 423 2303 adeo
436 2265 585 2303 numerosa
597 2245 653 2304 tibi
666 2249 835 2320 argumenta
848 2245 1000 2322 requiram,

242 2373 284 2432 Ut
296 2374 412 2432 tandem
425 2373 510 2431 dictis
523 2377 552 2431 te
566 2373 676 2432 vietum
690 2374 851 2431 confiteare.

248 2637 252 2645 ·
281 2611 357 2670 Nam
371 2612 396 2669 si
409 2611 474 2688 quis
487 2612 598 2686 negitet
611 2611 719 2670 mutari
731 2611 840 2669 lumine
853 2610 970 2683 vitrum,

241 2739 339 2816 Atque
353 2739 449 2813 ignem
463 2757 576 2796 causam
590 2738 681 2811 fingat
693 2738 741 2795 vel
753 2737 978 2813 proximitatem,

241 2869 307 2928 Hoc
319 2868 365 2927 illi
379 2868 511 2946 objiciam
523 2867 704 2926 manifestius
717 2870 927 2941 argumentum.

275 3143 353 3194 »Mn
371 3143 445 3193 Hunt
463 3143 546 3193 denies
561 3143 604 3192 the
621 3144 745 3192 existence
762 3143 790 3191 of
805 3142 921 3191 invisible
937 3141 1010 3206 light.
1028 3143 1077 3193 and

244 3226 367 3276 considers
386 3225 427 3274 the
444 3224 596 3288 phencmens
612 3225 659 3272 due
676 3230 701 3272 to
719 3223 762 3272 the
781 3224 934 3273 disturbsnce
952 3223 980 3272 of
996 3223 1075 3273 latent

245 3307 342 3367 colonie,
354 3307 489 3369 producing
505 3321 520 3355 a
535 3305 668 3355 moleculsr
679 3304 772 3369 change
784 3305 811 3354 in
822 3303 864 3354 the
874 3304 940 3367 plato
951 3319 983 3353 cn
993 3303 1077 3354 which

243 3383 285 3432 the
297 3398 358 3447 copy
371 3383 392 3432 is
403 3382 484 3432 talen.
