2746 4080
674 388 693 449 5

263 603 400 660 Tenuiter
414 602 542 660 invenies
555 603 640 678 longo
653 614 718 678 post
733 612 858 680 tempore
872 604 999 674 eandem,

262 731 393 796 Qualiter
407 751 422 788 e
436 730 551 806 speculo
565 732 619 790 tibi
632 732 699 789 viva
712 732 854 789 redundat
867 732 969 805 imago.

263 859 327 916 Hoc
340 878 407 916 vero
421 859 497 916 inter
510 879 539 917 se
553 859 639 934 longe
653 859 766 918 differre
781 859 893 919 notabis

261 986 407 1043 Picturam
420 985 452 1043 in
466 975 537 1045 cisti
552 988 674 1062 positam
687 987 868 1064 vitreumquc
882 986 1033 1045 imitamen
1051 1007 1057 1043 :

261 1110 393 1185 Namque
406 1110 459 1167 hoc
474 1109 570 1168 amisit
583 1110 678 1169 tenuit
692 1130 763 1188 quos
775 1109 826 1168 illa
840 1110 956 1183 colores,

260 1239 424 1314 Albumque
438 1243 557 1314 apparet
571 1239 687 1312 nigrum
701 1239 755 1297 tibi
769 1239 845 1314 quod
859 1237 1007 1310 saltante,

262 1366 301 1424 m
314 1370 390 1426 retro
403 1367 520 1442 nigrum
534 1367 659 1424 ostendit
671 1367 784 1442 pictura
799 1366 874 1444 quod
889 1367 994 1424 album.

261 1493 377 1553 Scilicet
390 1495 586 1570 haecquodem
602 1495 761 1569 gignuntur
774 1495 891 1552 luminis
906 1495 975 1567 ictu,

260 1621 324 1678 Etsi
339 1620 453 1678 difficile
468 1641 529 1678 esse
543 1623 658 1679 videtur
673 1622 786 1680 credere
800 1621 867 1679 solis

260 1749 461 1806 Formementa
474 1748 529 1806 tibi
542 1749 629 1806 radiis
642 1748 756 1807 imitata
769 1749 877 1818 referri,

206 1877 211 1892 ‘
260 1875 383 1932 Lumine
397 1895 461 1950 quae
476 1895 562 1950 supra
576 1877 658 1933 docui
673 1878 787 1951 privata
800 1896 904 1934 carere.

259 2003 342 2068 Quod
356 2023 432 2062 nunc
445 2025 502 2081 quo
517 2010 600 2081 pacto
613 2007 718 2064 confiat
731 2007 825 2064 dicere
838 2006 916 2064 nitar

259 2131 360 2196 Quoad
375 2131 446 2188 mihi
460 2133 597 2190 sermonis
611 2138 740 2191 veterum
754 2134 884 2192 concedit
899 2140 1019 2207 egestas.

296 2487 326 2546 N
327 2509 358 2548 eo
371 2493 468 2547 tamen
481 2489 588 2564 ignoro,
605 2509 698 2547 rerum
713 2499 829 2566 propter
841 2491 1010 2562 novitatem,

258 2617 369 2676 Cuncta
383 2618 441 2676 tuis
454 2615 519 2695 quas
531 2618 692 2676 luminibus
706 2618 888 2696 praepandere
902 2617 1007 2676 vellem

258 2743 351 2809 Quem
366 2745 404 2804 sit
416 2747 530 2804 difficile
544 2747 671 2823 antiquis
684 2747 830 2805 exsolvere
844 2746 939 2804 dictis.

257 2873 299 2931 At
312 2877 363 2931 tua
375 2881 524 2931 vementer
537 2873 630 2932 virtus
644 2874 776 2932 hortatur
789 2877 819 2932 et
833 2879 918 2948 urget

257 3001 488 3078 Exemplumque
501 3008 594 3073 tuum,
611 3001 773 3078 sapientum
787 3005 899 3074 octavo,
916 3000 1044 3075 Lucreti,

258 3129 336 3194 Quos
350 3129 431 3188 Graii
443 3135 601 3188 memorant
613 3129 755 3206 longeque
768 3149 806 3188 ex
820 3129 946 3190 omnibu’
962 3130 1104 3208 princeps.

258 3255 316 3321 Qui
328 3275 452 3315 reserare
466 3256 536 3315 olim
549 3255 655 3316 divinis
668 3257 790 3317 versibu'
806 3257 895 3335 quisti

258 3385 298 3444 llt
310 3384 411 3443 mundi
425 3384 563 3444 rationem
578 3389 607 3443 et
620 3383 727 3444 foedera
740 3384 864 3458 naturai,
