2746 4080
690 372 711 434 8

285 575 421 654 Luoeqne
435 595 501 652 pars
513 576 629 653 perfusa
641 576 697 635 siet
709 595 774 653 quae
787 576 870 648 nigra
882 575 1005 636 videtur.

284 712 360 770 Tum
372 712 501 771 tabulam
514 712 630 770 demum
643 712 769 774 tenebris
781 712 905 772 includis
918 716 949 772 et
960 711 1026 770 aret

285 839 378 906 Quam
391 839 495 898 Phoebi
507 840 595 898 radiis
607 841 804 916 penetrandist
816 841 897 899 nulla
909 843 1043 916 potestas.

284 966 345 1026 Nec
357 987 452 1025 mora:
478 987 550 1044 quos
563 967 632 1025 olim
644 967 756 1026 biberat
767 968 888 1044 pictura,
904 967 992 1026 soluti

284 1093 434 1153 Exsiliunt
446 1094 553 1153 alacres
565 1095 638 1154 radii
651 1095 831 1172 volitantque
843 1115 894 1171 per
906 1096 1038 1153 umbras:

285 1221 349 1286 Quo
361 1242 439 1280 more
453 1242 469 1280 e
484 1223 616 1282 claustris
629 1224 757 1283 exsultat
769 1223 852 1282 fortis
865 1221 971 1300 equirm
983 1222 1037 1295 vis,

284 1349 459 1425 Exspectata
472 1351 523 1409 diu
535 1351 646 1411 dederit
659 1372 724 1410 cum
738 1372 862 1428 gausapa
875 1352 997 1426 signum

284 1478 341 1538 Ast
353 1479 559 1554 operimentum
572 1479 698 1539 vitreum
711 1481 790 1540 ilicet
803 1481 912 1556 excipit
925 1480 956 1538 in
969 1499 999 1538 se

285 1604 426 1664 Protenus
439 1611 571 1664 exortum
584 1607 682 1666 lumen
695 1607 845 1684 radiosque
857 1608 982 1682 tirgaces.

320 1803 340 1862 J
341 1823 424 1862 amne
437 1804 518 1862 rides
531 1804 622 1879 igitur
636 1824 722 1882 quam
736 1805 789 1863 sim
803 1805 858 1864 tibi
872 1825 939 1864 vera
951 1805 1065 1863 locutus

282 1931 348 1989 Hoc
362 1951 452 2008 quum
466 1933 583 1991 confieri
596 1953 648 2009 per
660 1934 756 1992 lucida
769 1934 828 1992 tela
840 1931 991 1992 docerem?

285 2057 398 2134 Quippe
412 2059 520 2117 etenim
533 2060 607 2117 redii
620 2061 689 2118 dum
702 2061 810 2119 lumine
823 2061 922 2137 pervia
934 2052 1004 2119 vitri

285 2184 408 2261 Corpora
420 2187 582 2260 pervadunt
595 2187 649 2245 hac
662 2188 725 2263 ipsi
738 2187 905 2246 transitione
1020 2221 1025 2234 ·

283 2313 416 2387 Effigiem
429 2313 557 2372 efficiunt
570 2313 721 2390 quandam,
737 2318 908 2391 mutantque
922 2313 1051 2370 colores·

283 2439 366 2504 Quod
381 2440 501 2500 similest
514 2444 548 2499 ut
563 2460 628 2498 cum
642 2441 695 2498 soli
708 2441 887 2518 supponimu'
902 2441 971 2513 line,

284 2568 355 2633 Quae
369 2568 424 2628 tibi
438 2568 573 2628 continuo
588 2572 743 2628 canescunt
755 2569 873 2626 luminis
885 2569 955 2628 ictu.

283 2698 325 2754 At
339 2715 403 2772 quae
416 2695 556 2770 principio
571 2696 642 2754 facie
657 2700 724 2755 sunt
737 2697 799 2754 visa
811 2696 947 2770 nigranti,

283 2823 396 2899 Quippe
410 2823 462 2882 ubi
476 2828 573 2882 amant
586 2823 617 2881 in
631 2843 660 2882 se
674 2825 767 2882 radios
780 2825 930 2883 admittere
942 2823 1049 2900 plures,

317 3056 327 3080 ¹
344 3045 380 3096 M.
399 3045 482 3095 Moser
497 3046 557 3095 thus
573 3047 678 3096 ascribes
694 3047 736 3096 the
752 3046 904 3110 phenomena
915 3046 943 3096 or*
955 3045 1014 3094 dari
1030 3045 1116 3109 photo-

285 3127 381 3192 graphy
393 3134 419 3176 to
430 3127 472 3176 the
484 3127 600 3176 invisible
612 3127 677 3191 light
688 3129 795 3176 radiatcd
806 3103 868 3176 freni
880 3127 914 3176 all
925 3125 1022 3177 bodies:
1034 3125 1117 3176 which

285 3224 311 3258 so
323 3217 373 3257 acts
385 3225 450 3270 upon
461 3207 503 3256 the
515 3208 608 3256 smooth
621 3210 715 3257 suriaco
732 3225 758 3256 as
774 3216 799 3257 to
811 3208 872 3258 alter
883 3209 914 3256 its
926 3223 1007 3270 power
1017 3207 1045 3254 of
1058 3222 1116 3256 cou-

285 3288 389 3353 densing
401 3305 507 3352 reponte
525 3305 551 3338 so
568 3289 623 3340 that
636 3289 677 3339 the
693 3289 784 3353 figures
800 3303 890 3352 appear
906 3287 978 3348 when
993 3287 1036 3336 the
1051 3287 1117 3350 plata

284 3370 305 3419 is
317 3370 431 3419 broathed
444 3387 517 3434 upon.
