2746 4080
722 397 762 460 12

363 613 449 672 Ilicet
461 612 528 670 inde
542 611 601 668 alid
614 630 651 666 ex
665 609 720 666 alio
734 609 885 666 clarescere
899 607 994 683 caepit.

324 739 455 816 Namque
468 742 503 796 ut
516 737 656 814 picturam
671 735 754 794 docui
767 753 796 792 se
810 733 921 791 tradere
935 732 1009 790 vitro

323 867 407 934 Quod
420 867 494 926 varii
507 865 634 926 refluunt
647 864 720 922 radii
734 867 906 940 tranantque
920 862 1070 920 tenebras:

323 996 371 1055 Sic
384 997 470 1055 etiam
484 995 611 1071 excipiet
623 994 729 1052 claram
741 1013 823 1067 mage
836 993 935 1052 charta
948 991 1078 1065 figurem.

323 1121 427 1181 Omnia
439 1122 545 1199 quippe
559 1120 665 1180 etenim
679 1140 745 1198 quae
759 1120 878 1180 candida
892 1138 1003 1196 cunque
1017 1117 1161 1192 refulgent

321 1250 394 1309 Sere
407 1250 498 1308 colore
512 1270 562 1308 suc
575 1248 696 1308 violaria
708 1247 821 1307 vincere
831 1249 952 1325 jactant,

321 1378 428 1437 Effusis
441 1378 548 1437 facient
560 1378 648 1436 radiis
661 1377 819 1452 nigrescere
832 1377 979 1435 chartam:

322 1506 393 1572 Quae
407 1525 474 1565 vero
488 1506 569 1582 picae
581 1514 678 1581 partes
692 1505 813 1578 caligine
827 1504 952 1579 nigrant,

321 1637 377 1696 Vel
390 1657 456 1714 quae
469 1637 590 1713 puniceo
604 1638 700 1694 fucata
713 1636 805 1694 colore
818 1631 981 1706 rubescunt,

322 1763 439 1822 Scilicet
451 1762 529 1821 haud
542 1762 781 1821 medicamentum
794 1769 905 1818 mutare
918 1759 1065 1819 valebunt.

322 1894 378 1950 Ast
392 1891 442 1949 alii
454 1891 563 1966 pariter
575 1890 648 1948 radii
662 1889 717 1947 sibi
730 1888 852 1964 quisque
867 1888 988 1946 colorem

321 2018 453 2076 Efficient
466 1983 631 2094 proprium:
655 2017 679 2074 si
692 2015 784 2092 primo
798 2015 900 2073 clarior
913 2016 994 2074 ardet

324 2146 444 2221 Nigrius
457 2146 489 2203 in
502 2145 601 2204 chartis
616 2162 778 2218 expressam
790 2143 928 2201 mirabere
942 2143 1081 2214 formam;

322 2275 390 2334 Sive
402 2276 485 2350 nigro
498 2275 621 2352 propior,
638 2276 766 2334 chartam
779 2283 891 2332 mutare
905 2273 1055 2350 nequibit:

322 2381 404 2462 llnde
417 2403 472 2462 tibi
485 2403 606 2462 exsistet
619 2403 739 2479 picturae
753 2423 852 2461 rerum
867 2402 1016 2461 imitamen

321 2535 449 2609 Excepto
463 2533 539 2609 quod
553 2532 721 2590 candescent
733 2551 798 2609 quae
811 2533 894 2607 nigra
907 2533 1050 2605 cluebant,

322 2668 363 2720 At
376 2679 441 2736 quae
455 2659 575 2717 candida
588 2665 679 2731 erant,
695 2659 853 2734 nigrescere
867 2665 970 2720 cuncta
983 2659 1102 2720 videbis.

322 2788 354 2848 Si
367 2807 434 2846 vero
448 2789 502 2845 hcc
515 2787 609 2863 ipsum
624 2806 705 2846 eures
719 2788 828 2846 imitari
841 2788 999 2862 imitamen,

323 2915 481 2992 Alteraque
496 2915 621 2990 excipiat
635 2915 839 2974 medicamento
854 2915 943 2974 oblita
956 2917 1064 2989 charta,

323 3045 439 3105 Scilicet
451 3044 482 3103 in
496 3043 603 3120 priscos
616 3047 748 3120 properet
762 3042 914 3118 remigrare
928 3044 1043 3102 colores.

360 3265 389 3324 N
391 3283 422 3322 ec
434 3263 548 3322 tabulas
561 3266 674 3320 tantum
687 3262 794 3338 poterit
807 3262 862 3320 tibi
875 3263 993 3321 reddere
1007 3262 1142 3321 Phoebus.

325 3393 403 3458 Quin
417 3393 503 3452 etiam
516 3392 616 3450 vultus
628 3391 776 3449 hominum
791 3411 959 3468 camposque
973 3391 1107 3450 virentes.
