<?xml version="1.0" encoding="UTF-8"?>
<!DOCTYPE html PUBLIC "-//W3C//DTD XHTML 1.0 Transitional//EN"
    "http://www.w3.org/TR/xhtml1/DTD/xhtml1-transitional.dtd">
<html xmlns="http://www.w3.org/1999/xhtml" xml:lang="en" lang="en">
 <head>
  <title>
</title>
<meta http-equiv="Content-Type" content="text/html;charset=utf-8" />
  <meta name='ocr-system' content='tesseract 3.04.00' />
  <meta name='ocr-capabilities' content='ocr_page ocr_carea ocr_par ocr_line ocrx_word'/>
</head>
<body>
  <div class='ocr_page' id='page_1' title='image "./solpictorcarmen00pagegoog_0018.png"; bbox 0 0 2746 4080; ppageno 0'>
   <div class='ocr_carea' id='block_1_1' title="bbox 628 412 668 475">
    <p class='ocr_par' dir='ltr' id='par_1_1' title="bbox 628 412 668 475">
     <span class='ocr_line' id='line_1_1' title="bbox 628 412 668 475; baseline 0.025 -1"><span class='ocrx_word' id='word_1_1' title='bbox 628 412 668 475; x_wconf 87' lang='lat'><strong>13</strong></span> 
     </span>
    </p>
   </div>
   <div class='ocr_carea' id='block_1_2' title="bbox 224 619 1002 1854">
    <p class='ocr_par' dir='ltr' id='par_1_2' title="bbox 224 619 1002 1086">
     <span class='ocr_line' id='line_1_2' title="bbox 224 619 946 699; baseline 0.008 -20"><span class='ocrx_word' id='word_1_2' title='bbox 224 622 264 679; x_wconf 82' lang='lat' dir='ltr'><strong>nt</strong></span> <span class='ocrx_word' id='word_1_3' title='bbox 276 619 456 699; x_wconf 82' lang='lat' dir='ltr'><strong>qnaeonnqne&#39;</strong></span> <span class='ocrx_word' id='word_1_4' title='bbox 468 621 544 680; x_wconf 91' lang='lat' dir='ltr'><strong>oeuli</strong></span> <span class='ocrx_word' id='word_1_5' title='bbox 558 625 687 696; x_wconf 78' lang='lat' dir='ltr'><strong>spectant</strong></span> <span class='ocrx_word' id='word_1_6' title='bbox 699 624 838 684; x_wconf 76' lang='lat' dir='ltr'><strong>imitarier</strong></span> <span class='ocrx_word' id='word_1_7' title='bbox 852 628 946 687; x_wconf 81' lang='lat' dir='ltr'><strong>audet.</strong></span> 
     </span>
     <span class='ocr_line' id='line_1_3' title="bbox 226 750 864 830; baseline 0.009 -22"><span class='ocrx_word' id='word_1_8' title='bbox 226 751 298 816; x_wconf 76' lang='lat' dir='ltr'><strong>Quis</strong></span> <span class='ocrx_word' id='word_1_9' title='bbox 311 750 387 827; x_wconf 86' lang='lat' dir='ltr'><strong>potis</strong></span> <span class='ocrx_word' id='word_1_10' title='bbox 400 755 444 808; x_wconf 90' lang='lat' dir='ltr'><strong>est</strong></span> <span class='ocrx_word' id='word_1_11' title='bbox 456 751 555 809; x_wconf 87' lang='lat' dir='ltr'><strong>lendes</strong></span> <span class='ocrx_word' id='word_1_12' title='bbox 568 751 648 811; x_wconf 91' lang='lat' dir='ltr'><strong>illins</strong></span> <span class='ocrx_word' id='word_1_13' title='bbox 661 753 755 812; x_wconf 90' lang='lat' dir='ltr'><strong>dieere</strong></span> <span class='ocrx_word' id='word_1_14' title='bbox 769 755 864 830; x_wconf 79' lang='lat' dir='ltr'><strong>dignis</strong></span> 
     </span>
     <span class='ocr_line' id='line_1_4' title="bbox 226 878 1002 960; baseline 0.012 -25"><span class='ocrx_word' id='word_1_15' title='bbox 226 878 370 949; x_wconf 79' lang='lat' dir='ltr'><strong>Versibus,</strong></span> <span class='ocrx_word' id='word_1_16' title='bbox 386 878 438 954; x_wconf 89' lang='lat' dir='ltr'><strong>qui</strong></span> <span class='ocrx_word' id='word_1_17' title='bbox 450 879 582 956; x_wconf 81' lang='lat' dir='ltr'><strong>princeps</strong></span> <span class='ocrx_word' id='word_1_18' title='bbox 593 880 740 940; x_wconf 84' lang='lat' dir='ltr'><strong>radiorum</strong></span> <span class='ocrx_word' id='word_1_19' title='bbox 753 883 887 958; x_wconf 73' lang='lat' dir='ltr'><strong>colligere</strong></span> <span class='ocrx_word' id='word_1_20' title='bbox 900 903 1002 960; x_wconf 76' lang='lat' dir='ltr'><strong>agmen</strong></span> 
     </span>
     <span class='ocr_line' id='line_1_5' title="bbox 225 1005 858 1086; baseline 0.009 -23"><span class='ocrx_word' id='word_1_21' title='bbox 225 1005 344 1064; x_wconf 81' lang='lat' dir='ltr'><strong>Invenit</strong></span> <span class='ocrx_word' id='word_1_22' title='bbox 356 1005 482 1083; x_wconf 75' lang='lat' dir='ltr'><strong>nitrique</strong></span> <span class='ocrx_word' id='word_1_23' title='bbox 495 1025 551 1065; x_wconf 87' lang='lat' dir='ltr'><strong>usu</strong></span> <span class='ocrx_word' id='word_1_24' title='bbox 564 1008 730 1086; x_wconf 81' lang='lat' dir='ltr'><strong>magicoque</strong></span> <span class='ocrx_word' id='word_1_25' title='bbox 743 1011 858 1069; x_wconf 86' lang='lat' dir='ltr'><strong>eeneii?</strong></span> 
     </span>
    </p>

    <p class='ocr_par' dir='ltr' id='par_1_3' title="bbox 224 1133 975 1854">
     <span class='ocr_line' id='line_1_6' title="bbox 224 1133 966 1214; baseline 0.012 -23"><span class='ocrx_word' id='word_1_26' title='bbox 224 1133 339 1211; x_wconf 82' lang='lat' dir='ltr'><strong>Quippe</strong></span> <span class='ocrx_word' id='word_1_27' title='bbox 352 1135 459 1193; x_wconf 86' lang='lat' dir='ltr'><strong>etenim</strong></span> <span class='ocrx_word' id='word_1_28' title='bbox 472 1135 545 1194; x_wconf 86' lang='lat' dir='ltr'><strong>lueis</strong></span> <span class='ocrx_word' id='word_1_29' title='bbox 558 1137 724 1214; x_wconf 80' lang='lat' dir='ltr'><strong>crystallina</strong></span> <span class='ocrx_word' id='word_1_30' title='bbox 738 1138 846 1198; x_wconf 84' lang='lat' dir='ltr'><strong>lemine</strong></span> <span class='ocrx_word' id='word_1_31' title='bbox 858 1141 966 1200; x_wconf 88' lang='lat' dir='ltr'><strong>flumen</strong></span> 
     </span>
     <span class='ocr_line' id='line_1_7' title="bbox 225 1261 975 1343; baseline 0.011 -22"><span class='ocrx_word' id='word_1_32' title='bbox 225 1262 310 1338; x_wconf 78' lang='lat' dir='ltr'><strong>Cogit</strong></span> <span class='ocrx_word' id='word_1_33' title='bbox 323 1261 354 1320; x_wconf 91' lang='lat' dir='ltr'><strong>in</strong></span> <span class='ocrx_word' id='word_1_34' title='bbox 368 1266 521 1339; x_wconf 82' lang='lat' dir='ltr'><strong>angustum</strong></span> <span class='ocrx_word' id='word_1_35' title='bbox 536 1268 736 1343; x_wconf 81' lang='lat' dir='ltr'><strong>eontreetoque</strong></span> <span class='ocrx_word' id='word_1_36' title='bbox 750 1268 864 1342; x_wconf 82' lang='lat' dir='ltr'><strong>agmine</strong></span> <span class='ocrx_word' id='word_1_37' title='bbox 876 1269 975 1329; x_wconf 84' lang='lat' dir='ltr'><strong>fundit</strong></span> 
     </span>
     <span class='ocr_line' id='line_1_8' title="bbox 224 1389 956 1469; baseline 0.007 -20"><span class='ocrx_word' id='word_1_38' title='bbox 224 1389 366 1449; x_wconf 84' lang='lat' dir='ltr'><strong>Grundior</strong></span> <span class='ocrx_word' id='word_1_39' title='bbox 379 1395 413 1450; x_wconf 84' lang='lat' dir='ltr'><strong>nt</strong></span> <span class='ocrx_word' id='word_1_40' title='bbox 425 1391 515 1467; x_wconf 85' lang='lat' dir='ltr'><strong>possit</strong></span> <span class='ocrx_word' id='word_1_41' title='bbox 528 1411 558 1450; x_wconf 89' lang='lat' dir='ltr'><strong>se</strong></span> <span class='ocrx_word' id='word_1_42' title='bbox 572 1411 655 1450; x_wconf 83' lang='lat' dir='ltr'><strong>soene</strong></span> <span class='ocrx_word' id='word_1_43' title='bbox 667 1393 826 1469; x_wconf 88' lang='lat' dir='ltr'><strong>impingere</strong></span> <span class='ocrx_word' id='word_1_44' title='bbox 838 1395 956 1456; x_wconf 79' lang='lat' dir='ltr'><strong>ehsrtae.</strong></span> 
     </span>
     <span class='ocr_line' id='line_1_9' title="bbox 226 1519 948 1598; baseline 0.004 -19"><span class='ocrx_word' id='word_1_45' title='bbox 226 1519 356 1579; x_wconf 78' lang='lat' dir='ltr'><strong>Nobilish</strong></span> <span class='ocrx_word' id='word_1_46' title='bbox 369 1519 419 1578; x_wconf 91' lang='lat' dir='ltr'><strong>ille</strong></span> <span class='ocrx_word' id='word_1_47' title='bbox 431 1519 499 1593; x_wconf 85' lang='lat' dir='ltr'><strong>fuit,</strong></span> <span class='ocrx_word' id='word_1_48' title='bbox 516 1520 617 1596; x_wconf 86' lang='lat' dir='ltr'><strong>genuit</strong></span> <span class='ocrx_word' id='word_1_49' title='bbox 630 1541 715 1598; x_wconf 89' lang='lat' dir='ltr'><strong>quem</strong></span> <span class='ocrx_word' id='word_1_50' title='bbox 729 1522 839 1581; x_wconf 78' lang='lat' dir='ltr'><strong>Gallina</strong></span> <span class='ocrx_word' id='word_1_51' title='bbox 852 1523 948 1596; x_wconf 83' lang='lat' dir='ltr'><strong>tellus,</strong></span> 
     </span>
     <span class='ocr_line' id='line_1_10' title="bbox 228 1649 900 1728; baseline 0.003 -20"><span class='ocrx_word' id='word_1_52' title='bbox 228 1649 348 1722; x_wconf 77' lang='lat' dir='ltr'><strong>Gallica,</strong></span> <span class='ocrx_word' id='word_1_53' title='bbox 364 1667 428 1726; x_wconf 79' lang='lat' dir='ltr'><strong>quae</strong></span> <span class='ocrx_word' id='word_1_54' title='bbox 441 1667 533 1723; x_wconf 89' lang='lat' dir='ltr'><strong>nuper</strong></span> <span class='ocrx_word' id='word_1_55' title='bbox 546 1650 615 1707; x_wconf 91' lang='lat' dir='ltr'><strong>belli</strong></span> <span class='ocrx_word' id='word_1_56' title='bbox 628 1668 763 1709; x_wconf 83' lang='lat' dir='ltr'><strong>ooneusse</strong></span> <span class='ocrx_word' id='word_1_57' title='bbox 774 1651 900 1728; x_wconf 70' lang='lat' dir='ltr'><strong>procelli</strong></span> 
     </span>
     <span class='ocr_line' id='line_1_11' title="bbox 225 1775 957 1854; baseline 0.004 -20"><span class='ocrx_word' id='word_1_58' title='bbox 225 1776 329 1835; x_wconf 82' lang='lat' dir='ltr'><strong>Audiit</strong></span> <span class='ocrx_word' id='word_1_59' title='bbox 343 1795 485 1834; x_wconf 77' lang='lat' dir='ltr'><strong>armorum</strong></span> <span class='ocrx_word' id='word_1_60' title='bbox 498 1775 624 1834; x_wconf 79' lang='lat' dir='ltr'><strong>sonitum</strong></span> <span class='ocrx_word' id='word_1_61' title='bbox 636 1795 775 1854; x_wconf 79' lang='lat' dir='ltr'><strong>vocesque</strong></span> <span class='ocrx_word' id='word_1_62' title='bbox 788 1777 957 1852; x_wconf 71' lang='lat' dir='ltr'><strong>minantum,</strong></span> 
     </span>
    </p>
   </div>
   <div class='ocr_carea' id='block_1_3' title="bbox 225 1903 1056 1980">
    <p class='ocr_par' dir='ltr' id='par_1_4' title="bbox 225 1903 1056 1980">
     <span class='ocr_line' id='line_1_12' title="bbox 225 1903 1056 1980; baseline 0.006 -19"><span class='ocrx_word' id='word_1_63' title='bbox 225 1903 322 1969; x_wconf 78' lang='lat' dir='ltr'><strong>Quum</strong></span> <span class='ocrx_word' id='word_1_64' title='bbox 334 1904 440 1980; x_wconf 89' lang='lat' dir='ltr'><strong>pubem</strong></span> <span class='ocrx_word' id='word_1_65' title='bbox 453 1903 489 1962; x_wconf 82' lang='lat' dir='ltr'><strong>ed</strong></span> <span class='ocrx_word' id='word_1_66' title='bbox 502 1921 628 1980; x_wconf 81' lang='lat' dir='ltr'><strong>pugnem</strong></span> <span class='ocrx_word' id='word_1_67' title='bbox 642 1903 794 1963; x_wconf 78' lang='lat' dir='ltr'><strong>Germania</strong></span> <span class='ocrx_word' id='word_1_68' title='bbox 806 1903 934 1965; x_wconf 88' lang='lat' dir='ltr'><strong>mitteret</strong></span> <span class='ocrx_word' id='word_1_69' title='bbox 947 1906 1056 1966; x_wconf 88' lang='lat' dir='ltr'><strong>erdens.</strong></span> 
     </span>
    </p>
   </div>
   <div class='ocr_carea' id='block_1_4' title="bbox 224 2110 1010 2317">
    <p class='ocr_par' dir='ltr' id='par_1_5' title="bbox 224 2110 1010 2317">
     <span class='ocr_line' id='line_1_13' title="bbox 263 2110 979 2187; baseline 0.001 -18"><span class='ocrx_word' id='word_1_70' title='bbox 263 2111 338 2169; x_wconf 89' lang='lat' dir='ltr'><strong>Rem</strong></span> <span class='ocrx_word' id='word_1_71' title='bbox 350 2130 417 2168; x_wconf 85' lang='lat' dir='ltr'><strong>vero</strong></span> <span class='ocrx_word' id='word_1_72' title='bbox 431 2129 521 2187; x_wconf 89' lang='lat' dir='ltr'><strong>quum</strong></span> <span class='ocrx_word' id='word_1_73' title='bbox 534 2129 614 2169; x_wconf 89' lang='lat' dir='ltr'><strong>mens</strong></span> <span class='ocrx_word' id='word_1_74' title='bbox 627 2110 769 2170; x_wconf 78' lang='lat' dir='ltr'><strong>desideret</strong></span> <span class='ocrx_word' id='word_1_75' title='bbox 782 2111 865 2172; x_wconf 91' lang='lat' dir='ltr'><strong>edere</strong></span> <span class='ocrx_word' id='word_1_76' title='bbox 877 2114 979 2186; x_wconf 80' lang='lat' dir='ltr'><strong>totam,</strong></span> 
     </span>
     <span class='ocr_line' id='line_1_14' title="bbox 224 2239 1010 2317; baseline 0.003 -19"><span class='ocrx_word' id='word_1_77' title='bbox 224 2239 289 2298; x_wconf 87' lang='lat' dir='ltr'><strong>Hoe</strong></span> <span class='ocrx_word' id='word_1_78' title='bbox 302 2239 376 2298; x_wconf 90' lang='lat' dir='ltr'><strong>mihi</strong></span> <span class='ocrx_word' id='word_1_79' title='bbox 389 2241 579 2317; x_wconf 87' lang='lat' dir='ltr'><strong>quodeunque</strong></span> <span class='ocrx_word' id='word_1_80' title='bbox 592 2249 636 2299; x_wconf 84' lang='lat' dir='ltr'><strong>est</strong></span> <span class='ocrx_word' id='word_1_81' title='bbox 649 2240 704 2300; x_wconf 82' lang='lat' dir='ltr'><strong>sevi</strong></span> <span class='ocrx_word' id='word_1_82' title='bbox 718 2240 810 2298; x_wconf 92' lang='lat' dir='ltr'><strong>multo</strong></span> <span class='ocrx_word' id='word_1_83' title='bbox 823 2245 889 2299; x_wconf 85' lang='lat' dir='ltr'><strong>ente</strong></span> <span class='ocrx_word' id='word_1_84' title='bbox 902 2239 1010 2317; x_wconf 85' lang='lat' dir='ltr'><strong>periret</strong></span> 
     </span>
    </p>
   </div>
   <div class='ocr_carea' id='block_1_5' title="bbox 225 2367 912 2446">
    <p class='ocr_par' dir='ltr' id='par_1_6' title="bbox 225 2367 912 2446">
     <span class='ocr_line' id='line_1_15' title="bbox 225 2367 912 2446; baseline 0 -18"><span class='ocrx_word' id='word_1_85' title='bbox 225 2367 330 2428; x_wconf 85' lang='lat' dir='ltr'><strong>Omnia</strong></span> <span class='ocrx_word' id='word_1_86' title='bbox 344 2387 430 2446; x_wconf 88' lang='lat' dir='ltr'><strong>quem</strong></span> <span class='ocrx_word' id='word_1_87' title='bbox 442 2387 553 2445; x_wconf 89' lang='lat' dir='ltr'><strong>possem</strong></span> <span class='ocrx_word' id='word_1_88' title='bbox 566 2368 650 2428; x_wconf 81' lang='lat' dir='ltr'><strong>elaris</strong></span> <span class='ocrx_word' id='word_1_89' title='bbox 663 2387 804 2446; x_wconf 86' lang='lat' dir='ltr'><strong>exponere</strong></span> <span class='ocrx_word' id='word_1_90' title='bbox 817 2369 912 2441; x_wconf 86' lang='lat' dir='ltr'><strong>dietis,</strong></span> 
     </span>
    </p>
   </div>
   <div class='ocr_carea' id='block_1_6' title="bbox 224 2497 883 2572">
    <p class='ocr_par' dir='ltr' id='par_1_7' title="bbox 224 2497 883 2572">
     <span class='ocr_line' id='line_1_16' title="bbox 224 2497 883 2572; baseline -0.002 -13"><span class='ocrx_word' id='word_1_91' title='bbox 224 2499 295 2565; x_wconf 82' lang='lat' dir='ltr'><strong>Ques</strong></span> <span class='ocrx_word' id='word_1_92' title='bbox 310 2499 374 2572; x_wconf 82' lang='lat' dir='ltr'><strong>tibi,·</strong></span> <span class='ocrx_word' id='word_1_93' title='bbox 390 2499 415 2558; x_wconf 85' lang='lat' dir='ltr'><strong>si</strong></span> <span class='ocrx_word' id='word_1_94' title='bbox 428 2499 505 2558; x_wconf 89' lang='lat' dir='ltr'><strong>eordi</strong></span> <span class='ocrx_word' id='word_1_95' title='bbox 518 2502 562 2558; x_wconf 88' lang='lat' dir='ltr'><strong>est</strong></span> <span class='ocrx_word' id='word_1_96' title='bbox 573 2499 628 2558; x_wconf 76' lang='lat' dir='ltr'><strong>hbe</strong></span> <span class='ocrx_word' id='word_1_97' title='bbox 642 2497 800 2558; x_wconf 81' lang='lat' dir='ltr'><strong>exercerier</strong></span> <span class='ocrx_word' id='word_1_98' title='bbox 813 2501 883 2571; x_wconf 80' lang='lat' dir='ltr'><strong>erte,</strong></span> 
     </span>
    </p>
   </div>
   <div class='ocr_carea' id='block_1_7' title="bbox 227 2627 923 2704">
    <p class='ocr_par' dir='ltr' id='par_1_8' title="bbox 227 2627 923 2704">
     <span class='ocr_line' id='line_1_17' title="bbox 227 2627 923 2704; baseline -0.003 -18"><span class='ocrx_word' id='word_1_99' title='bbox 227 2627 409 2687; x_wconf 82' lang='lat' dir='ltr'><strong>Observenda</strong></span> <span class='ocrx_word' id='word_1_100' title='bbox 423 2627 498 2686; x_wconf 88' lang='lat' dir='ltr'><strong>sient</strong></span> <span class='ocrx_word' id='word_1_101' title='bbox 510 2627 658 2704; x_wconf 88' lang='lat' dir='ltr'><strong>multoque</strong></span> <span class='ocrx_word' id='word_1_102' title='bbox 671 2627 797 2704; x_wconf 78' lang='lat' dir='ltr'><strong>peranda</strong></span> <span class='ocrx_word' id='word_1_103' title='bbox 808 2627 923 2686; x_wconf 83' lang='lat' dir='ltr'><strong>labore:</strong></span> 
     </span>
    </p>
   </div>
   <div class='ocr_carea' id='block_1_8' title="bbox 222 2755 1076 2835">
    <p class='ocr_par' dir='ltr' id='par_1_9' title="bbox 222 2755 1076 2835">
     <span class='ocr_line' id='line_1_18' title="bbox 222 2755 1076 2835; baseline -0.002 -18"><span class='ocrx_word' id='word_1_104' title='bbox 222 2758 321 2835; x_wconf 86' lang='lat' dir='ltr'><strong>Usque</strong></span> <span class='ocrx_word' id='word_1_105' title='bbox 335 2759 404 2818; x_wconf 81' lang='lat' dir='ltr'><strong>adeo</strong></span> <span class='ocrx_word' id='word_1_106' title='bbox 417 2757 512 2816; x_wconf 81' lang='lat' dir='ltr'><strong>brevis</strong></span> <span class='ocrx_word' id='word_1_107' title='bbox 526 2759 569 2816; x_wconf 83' lang='lat' dir='ltr'><strong>est</strong></span> <span class='ocrx_word' id='word_1_108' title='bbox 582 2755 692 2814; x_wconf 88' lang='lat' dir='ltr'><strong>miseris</strong></span> <span class='ocrx_word' id='word_1_109' title='bbox 705 2756 874 2816; x_wconf 78' lang='lat' dir='ltr'><strong>mortalibus</strong></span> <span class='ocrx_word' id='word_1_110' title='bbox 887 2759 964 2816; x_wconf 69' lang='lat' dir='ltr'><strong>etas.</strong></span> <span class='ocrx_word' id='word_1_111' title='bbox 1073 2760 1076 2766; x_wconf 83' lang='grc'>’</span> 
     </span>
    </p>
   </div>
   <div class='ocr_carea' id='block_1_9' title="bbox 260 2962 924 3040">
    <p class='ocr_par' dir='ltr' id='par_1_10' title="bbox 260 2962 924 3040">
     <span class='ocr_line' id='line_1_19' title="bbox 260 2962 924 3040; baseline -0.002 -18"><span class='ocrx_word' id='word_1_112' title='bbox 260 2964 303 3024; x_wconf 81' lang='lat' dir='ltr'><strong>nt</strong></span> <span class='ocrx_word' id='word_1_113' title='bbox 314 2967 357 3038; x_wconf 87' lang='lat' dir='ltr'><strong>tn,</strong></span> <span class='ocrx_word' id='word_1_114' title='bbox 373 2963 548 3023; x_wconf 85' lang='lat' dir='ltr'><strong>eunieulum</strong></span> <span class='ocrx_word' id='word_1_115' title='bbox 560 2983 611 3040; x_wconf 88' lang='lat' dir='ltr'><strong>per</strong></span> <span class='ocrx_word' id='word_1_116' title='bbox 630 2963 696 3022; x_wconf 90' lang='lat' dir='ltr'><strong>eoeli</strong></span> <span class='ocrx_word' id='word_1_117' title='bbox 708 2962 805 3021; x_wconf 81' lang='lat' dir='ltr'><strong>lueida</strong></span> <span class='ocrx_word' id='word_1_118' title='bbox 817 2963 924 3039; x_wconf 83' lang='lat' dir='ltr'><strong>temple</strong></span> 
     </span>
    </p>
   </div>
   <div class='ocr_carea' id='block_1_10' title="bbox 222 3088 936 3166">
    <p class='ocr_par' dir='ltr' id='par_1_11' title="bbox 222 3088 936 3166">
     <span class='ocr_line' id='line_1_20' title="bbox 222 3088 936 3166; baseline -0.006 -16"><span class='ocrx_word' id='word_1_119' title='bbox 222 3091 281 3158; x_wconf 80' lang='lat' dir='ltr'><strong>Qui</strong></span> <span class='ocrx_word' id='word_1_120' title='bbox 292 3090 368 3166; x_wconf 86' lang='lat' dir='ltr'><strong>regis</strong></span> <span class='ocrx_word' id='word_1_121' title='bbox 381 3090 544 3165; x_wconf 85' lang='lat' dir='ltr'><strong>igniferum,</strong></span> <span class='ocrx_word' id='word_1_122' title='bbox 559 3089 647 3148; x_wconf 84' lang='lat' dir='ltr'><strong>radiis</strong></span> <span class='ocrx_word' id='word_1_123' title='bbox 660 3089 711 3166; x_wconf 91' lang='lat' dir='ltr'><strong>qui</strong></span> <span class='ocrx_word' id='word_1_124' title='bbox 724 3088 847 3147; x_wconf 79' lang='lat' dir='ltr'><strong>conseris</strong></span> <span class='ocrx_word' id='word_1_125' title='bbox 859 3107 936 3160; x_wconf 77' lang='lat' dir='ltr'><strong>arva,</strong></span> 
     </span>
    </p>
   </div>
   <div class='ocr_carea' id='block_1_11' title="bbox 250 3331 1060 3399">
    <p class='ocr_par' dir='ltr' id='par_1_12' title="bbox 250 3331 1060 3399">
     <span class='ocr_line' id='line_1_21' title="bbox 250 3331 1060 3399; baseline -0.004 -14"><span class='ocrx_word' id='word_1_126' title='bbox 250 3334 263 3369; x_wconf 80' lang='lat'><strong>¹¹</strong></span> <span class='ocrx_word' id='word_1_127' title='bbox 279 3334 316 3385; x_wconf 79' lang='lat' dir='ltr'><strong>M.</strong></span> <span class='ocrx_word' id='word_1_128' title='bbox 324 3333 457 3399; x_wconf 85' lang='lat' dir='ltr'><strong>Deguerre‚</strong></span> <span class='ocrx_word' id='word_1_129' title='bbox 464 3333 547 3385; x_wconf 82' lang='lat' dir='ltr'><strong>whose</strong></span> <span class='ocrx_word' id='word_1_130' title='bbox 555 3332 701 3385; x_wconf 83' lang='lat' dir='ltr'><strong>diseoveries</strong></span> <span class='ocrx_word' id='word_1_131' title='bbox 712 3349 777 3384; x_wconf 82' lang='lat' dir='ltr'><strong>were</strong></span> <span class='ocrx_word' id='word_1_132' title='bbox 786 3332 931 3396; x_wconf 82' lang='lat' dir='ltr'><strong>reportedin</strong></span> <span class='ocrx_word' id='word_1_133' title='bbox 939 3331 956 3382; x_wconf 87' lang='lat' dir='ltr'>J</span> <span class='ocrx_word' id='word_1_134' title='bbox 957 3347 1060 3396; x_wconf 60' lang='lat' dir='ltr'><strong>ennam,</strong></span> 
     </span>
    </p>
   </div>
   <div class='ocr_carea' id='block_1_12' title="bbox 139 3421 1055 3490">
    <p class='ocr_par' dir='ltr' id='par_1_13' title="bbox 139 3421 1055 3490">
     <span class='ocr_line' id='line_1_22' title="bbox 139 3421 1055 3490; baseline 0.002 -18"><span class='ocrx_word' id='word_1_135' title='bbox 139 3451 141 3456; x_wconf 95' lang='lat'>·</span> <span class='ocrx_word' id='word_1_136' title='bbox 220 3426 290 3485; x_wconf 76' lang='lat'>18³9,</span> <span class='ocrx_word' id='word_1_137' title='bbox 305 3426 440 3490; x_wconf 80' lang='lat' dir='ltr'><strong>speoimem</strong></span> <span class='ocrx_word' id='word_1_138' title='bbox 450 3423 526 3488; x_wconf 80' lang='lat' dir='ltr'><strong>being</strong></span> <span class='ocrx_word' id='word_1_139' title='bbox 536 3423 622 3475; x_wconf 80' lang='lat' dir='ltr'><strong>shown</strong></span> <span class='ocrx_word' id='word_1_140' title='bbox 632 3430 658 3475; x_wconf 87' lang='lat' dir='ltr'><strong>to</strong></span> <span class='ocrx_word' id='word_1_141' title='bbox 670 3423 712 3474; x_wconf 89' lang='lat' dir='ltr'><strong>the</strong></span> <span class='ocrx_word' id='word_1_142' title='bbox 723 3423 842 3474; x_wconf 83' lang='lat' dir='ltr'><strong>seientifle</strong></span> <span class='ocrx_word' id='word_1_143' title='bbox 852 3422 931 3474; x_wconf 67' lang='lat' dir='ltr'><strong>world</strong></span> <span class='ocrx_word' id='word_1_144' title='bbox 941 3422 968 3474; x_wconf 79' lang='lat' dir='ltr'><strong>oi</strong></span> <span class='ocrx_word' id='word_1_145' title='bbox 975 3421 1055 3474; x_wconf 74' lang='lat' dir='ltr'><strong>Perii.</strong></span> 
     </span>
    </p>
   </div>
   <div class='ocr_carea' id='block_1_13' title="bbox 0 0 1378 4080">
    <p class='ocr_par' dir='ltr' id='par_1_14' title="bbox 0 0 1378 4080">
     <span class='ocr_line' id='line_1_23' title="bbox 0 0 1378 4080; baseline 0 1"><span class='ocrx_word' id='word_1_146' title='bbox 0 0 1378 4080; x_wconf 95' lang='lat' dir='ltr'><strong> </strong></span> 
     </span>
    </p>
   </div>
  </div>
 </body>
</html>
