2746 4080
691 405 713 467 4

278 620 372 695 Inque
386 637 469 675 auras
482 616 555 674 mihi
569 617 760 692 nequicquam
773 615 852 673 labor
866 615 963 672 effluat
977 614 1087 672 omnis:

278 749 359 806 More
373 747 532 824 puellarum
548 765 618 822 quas
633 764 783 803 narravere
796 749 888 820 poetae

279 877 411 936 Infernos
423 875 523 934 latices
536 879 684 951 pertusum
699 894 848 950 congerere
861 874 892 932 10
906 894 966 933 vas.

277 1006 319 1065 At
331 1004 404 1064 mihi
418 1003 442 1062 01
455 1023 559 1062 vacuas
573 1022 654 1061 aures
668 1003 787 1062 semotu'
803 1005 917 1080 sequaci

278 1131 479 1191 Sollicitudine
491 1130 650 1207 praebueris
663 1135 845 1208 mentemque
859 1151 986 1206 sagacem

278 1261 375 1338 Usque
390 1260 459 1320 adeo
472 1259 574 1318 miram
586 1259 705 1318 miranti
718 1280 778 1318 rem
792 1260 846 1318 tibi
860 1261 959 1337 paucis

278 1390 417 1449 Versibus
433 1409 574 1466 exponam
588 1389 702 1464 qualem
715 1407 808 1463 neque
822 1387 940 1445 Tartara
953 1387 1005 1445 leri

277 1518 338 1578 Neo
351 1538 430 1577 mare
442 1537 495 1576 nec
508 1516 574 1575 cosli
584 1517 697 1592 jactant
709 1514 867 1590 penetralia
879 1513 996 1589 templa.

317 1814 415 1891 Atque
428 1813 482 1870 boc
495 1809 635 1888 principio
648 1810 755 1887 paucis,
771 1809 896 1881 adverte,
911 1806 1024 1879 docebo,

279 1942 362 2008 Quod
376 1939 460 2018 cupio
473 1941 592 2017 posthac
605 1939 689 1997 claris
702 1956 843 2014 exponere
856 1936 968 1996 verbis:

276 2070 326 2130 sol
339 2069 394 2128 tibi
408 2068 536 2146 picturas
548 2067 648 2125 reddet
661 2065 869 2142 simulacraque
883 2069 968 2124 certa.

279 2199 362 2264 Quod
375 2197 439 2256 fieri
452 2196 507 2256 tibi
521 2195 545 2254 si
557 2199 657 2271 potero
669 2193 843 2270 pervincere,
858 2195 944 2254 dictis

277 2327 358 2386 Dede
371 2345 482 2399 manus,
498 2328 529 2384 et
540 2324 678 2402 pictorem
691 2323 779 2381 solem
792 2343 933 2382 venerare.

312 2629 394 2688 Illud
406 2628 438 2686 in
451 2627 498 2686 his
518 2629 603 2686 rebus
618 2626 743 2703 primum
756 2626 810 2686 tibi
824 2629 1054 2687 commemorabo:

275 2763 408 2838 Namque
422 2759 591 2837 operimenti
605 2759 696 2817 vitreo
711 2760 763 2817 sub
777 2758 902 2833 tegmine
915 2759 1023 2835 pictam

276 2891 307 2950 ei
321 2888 447 2948 tabulam
462 2887 602 2946 inclusam
615 2889 722 2947 multas
734 2891 887 2964 noctesque
901 2887 1018 2964 diesque

272 3016 402 3078 Servaris
418 3016 498 3088 cista,
518 3021 655 3076 secretam
668 3017 733 3074 luce
746 3015 811 3088 diei,

274 3146 345 3211 Quae
359 3148 456 3203 tamen
472 3148 538 3203 ante
552 3143 602 3202 diu
615 3144 760 3219 persuassi
775 3143 884 3202 lumine
897 3144 998 3216 multo,

273 3273 348 3332 Tum
363 3271 479 3330 domum
492 3270 620 3346 adspiras
634 3269 706 3328 vitai
719 3269 834 3328 flamine
847 3269 922 3328 vitro
934 3291 941 3327 :

268 3402 443 3477 Expresoam
457 3398 487 3456 in
502 3397 593 3456 uitreo
606 3397 748 3474 picturam
762 3397 887 3472 tegmine
901 3397 979 3456 cista
